@article{haddad2020factor,
  title={Factor timing},
  author={Haddad, Valentin and Kozak, Serhiy and Santosh, Shrihari},
  journal={The Review of Financial Studies},
  volume={33},
  number={5},
  pages={1980--2018},
  year={2020},
  publisher={Oxford University Press}
}


@article{fama1993common,
  title={Common risk factors in the returns on stocks and bonds},
  author={Fama, Eugene F and French, Kenneth R},
  journal={Journal of Financial Economics},
  volume={33},
  pages={3--56},
  year={1993}
}


@article{lochstoer2020drives,
  title={What drives anomaly returns?},
  author={Lochstoer, Lars A and Tetlock, Paul C},
  journal={The Journal of Finance},
  volume={75},
  number={3},
  pages={1417--1455},
  year={2020},
  publisher={Wiley Online Library}
}

@article{akbas2015smart,
  title={Smart money, dumb money, and capital market anomalies},
  author={Akbas, Ferhat and Armstrong, Will J and Sorescu, Sorin and Subrahmanyam, Avanidhar},
  journal={Journal of Financial Economics},
  volume={118},
  number={2},
  pages={355--382},
  year={2015},
  publisher={Elsevier}
}
